@book{blakely1996potential,
	title={Potential theory in gravity and magnetic applications},
	author={Blakely, Richard J},
	year={1996},
	address={Cambridge},
	publisher={Cambridge university press}
}




@book{hofmann2006physical,
	title={Physical geodesy},
	author={Hofmann-Wellenhof, Bernhard and Moritz, Helmut},
	year={2006},
	publisher={Springer Science \& Business Media}
}